<?xml version="1.0" encoding="UTF-8"?><record xmlns="http://www.loc.gov/MARC21/slim" xmlns:cinclude="http://apache.org/cocoon/include/1.0" xmlns:zs="http://www.loc.gov/zing/srw/">
  <leader>00966cz  a2200229n  4500</leader>
  <controlfield tag="001">no2015061735</controlfield>
  <controlfield tag="003">DLC</controlfield>
  <controlfield tag="005">20151201082300.0</controlfield>
  <controlfield tag="008">150508n| azannaabn          |n ana     c</controlfield>
  <datafield tag="010" ind1=" " ind2=" ">
    <subfield code="a">no2015061735</subfield>
  </datafield>
  <datafield tag="035" ind1=" " ind2=" ">
    <subfield code="a">(OCoLC)oca10161046</subfield>
  </datafield>
  <datafield tag="040" ind1=" " ind2=" ">
    <subfield code="a">MoSU-L</subfield>
    <subfield code="b">eng</subfield>
    <subfield code="e">rda</subfield>
    <subfield code="c">MoSU-L</subfield>
  </datafield>
  <datafield tag="043" ind1=" " ind2=" ">
    <subfield code="a">n-cn-mb</subfield>
  </datafield>
  <datafield tag="151" ind1=" " ind2=" ">
    <subfield code="a">Pauingassi First Nation</subfield>
  </datafield>
  <datafield tag="368" ind1=" " ind2=" ">
    <subfield code="b">Federally recognized First Nations</subfield>
  </datafield>
  <datafield tag="370" ind1=" " ind2=" ">
    <subfield code="c">Canada</subfield>
    <subfield code="f">Manitoba</subfield>
    <subfield code="2">naf</subfield>
  </datafield>
  <datafield tag="370" ind1=" " ind2=" ">
    <subfield code="e">Pauingassi (Man.)</subfield>
  </datafield>
  <datafield tag="371" ind1=" " ind2=" ">
    <subfield code="a">P.O. Box 60</subfield>
    <subfield code="b">Pauingassi</subfield>
    <subfield code="c">Manitoba</subfield>
    <subfield code="d">Canada</subfield>
    <subfield code="e">R0B 2G0</subfield>
  </datafield>
  <datafield tag="373" ind1=" " ind2=" ">
    <subfield code="a">Southeast Resource Development Council</subfield>
  </datafield>
  <datafield tag="670" ind1=" " ind2=" ">
    <subfield code="a">Aboriginal Affairs and Northern Development Canada website, viewed May 8, 2015:</subfield>
    <subfield code="b">First Nation profiles (Pauingassi First Nation; address: PO Box 60, Pauingassi, MB R0B 2G0; Tribal Council affiliated with this First Nation: Southeast Resource Development Council Corp.)</subfield>
  </datafield>
  <datafield tag="675" ind1=" " ind2=" ">
    <subfield code="a">Library of Congress database, May 8, 2015;</subfield>
    <subfield code="a">VIAF, May 8, 2015</subfield>
  </datafield>
  <datafield tag="781" ind1=" " ind2="0">
    <subfield code="z">Pauingassi First Nation</subfield>
  </datafield>
</record>